<?xml version="1.0" encoding="UTF-8"?><collection xmlns="http://www.loc.gov/MARC21/slim"><record><leader>00518nam--2200133-i-4500</leader><controlfield tag="001">000035594</controlfield><controlfield tag="002">20161230</controlfield><controlfield tag="005">20161230201040</controlfield><controlfield tag="008">060222s1000------------r-----000-0-eng-d</controlfield><datafield ind1=" " ind2=" " tag="080"><subfield code="a">621.039.56</subfield></datafield><datafield ind1=" " ind2=" " tag="100"><subfield code="a">Noble, Larry Dean</subfield></datafield><datafield ind1=" " ind2=" " tag="245"><subfield code="a">A nonlinear analysis of reactors with arbitrary linear feedback.a dissertation submitted in partial fulfillment of the requirement for the degree of doctor of philosophy in the university of michigan</subfield></datafield><datafield ind1=" " ind2=" " tag="260"><subfield code="a">Ann Arbor, University Microfilms, Inc., 1965. Vi+118p</subfield></datafield><datafield ind1=" " ind2=" " tag="852"><subfield code="a">25912</subfield></datafield></record></collection>